@ARTICLE{ieee-754,
  author={},
  journal={IEEE Std. 754-2008},
  title={{IEEE Standard for Floating-Point Arithmetic}},
  year={2008},
  volume={},
  pages={1 -70},
  doi={10.1109/IEEESTD.2008.4610935},
},
@online{idiot-isa,
  author={Hank Dietz},
  title={IDIOT Reference Material},
  year={2016},
  url={http://aggregate.org/EE480/idiot.html},
},
@online{idiot-float,
  author={Hank Dietz},
  title={Assignment 4: Floating},
  year={2016},
  url={http://aggregate.org/EE480/a4.html},
},
@online{invf-lut,
  author={Hank Dietz},
  title={\texttt{invf} Look-Up Table},
  year={2016},
  url={},
},
@techreport{aik,
  author={H. G. Dietz and W. R. Dieter},
  title={Aik, the Assembler Interpreter from Kentucky},
  institution={University of Kentucky},
  month={April},
  year={2007},
  howpublished={Aggregate.Org online technical report},
  url={http://aggregate.org/AIK/aik.pdf}
},
@online{a3-sol,
    author={Hank Dietz},
    title={pipe.v},
    year={2016},
    url={http://aggregate.org/EE480/pipe.v},
},
